@misc{saishruthiswaminathan_2018_logistic,
	author = {Saishruthi Swaminathan},
	publisher = {Towards Data Science},
	title = {Logistic Regression â€” Detailed Overview},
	year = {2018}
}

@misc{wai_2019_an,
	author = {Wai},
	publisher = {Towards Data Science},
	title = {An Example of Hyperparameter Optimization on XGBoost, LightGBM and CatBoost using Hyperopt},
	year = {2019}
}

@misc{starmer_2018_statquest,
	author = {Josh Starmer},
	title = {StatQuest: Logistic Regression},
	url = {https://www.youtube.com/watch?v=yIYKR4sgzI8},
	year = {2018}
}